@misc{BeosWiki,
	howpublished = "\url{http://en.wikipedia.org/wiki/Beos}"
}

@misc{HaikuWiki,
	howpublished = "\url{http://en.wikipedia.org/wiki/Haiku_(operating_system)}"
}

@misc{HaikuAbout,
	howpublished = "\url{http://haiku-os.org/about}"
}

@misc{HaikuFaq,
	howpublished = "\url{http://haiku-os.org/about/faq}"
}

@misc{HaikuHist,
	howpublished = "\url{http://haiku-os.org/about/history}"
}

@misc{HaikuContrib,
	howpublished = "\url{http://www.ohloh.net/p/haiku/contributors}"
}

@misc{HaikuComm,
	howpublished = "\url{http://haiku-os.org/community}"
}

@misc{HaikuWelcome,
	howpublished = "\url{http://haiku-os.org/docs/welcome/welcome_en.html}"
}

@misc{HaikuGuide,
	howpublished = "\url{http://haiku-os.org/docs/userguide/en/contents.html}"
}

@misc{HaikuHIG,
	howpublished = "\url{http://api.haiku-os.org/HIG/}"
}

@misc{HaikuIcon,
	howpublished = "\url{http://haiku-os.org/development/icon-guidelines/}"
}
